@article{SmallSateliteSystems,
    author = {R. Radhakrishman and W. W. Edmonson and F. Afghah and R. M. Rodriguez-Osorio and F. Pinto Jr and Scott C. Burleigh},
    title = {Survey of Inter-satellite Communication for Small Satellite Systems: Physical Layer to Network Layer View},
    journal = {IEEE Communications Surveys \& Tutorials},
    volume = 18,
    year = 2016,
    pages = {2442-2473}
}
@article{ImpairmentsInOpticalNetworkAlgorithms,
    author = {Siamak Azodolmolky and Mirosław Klinkowskia and Eva Marina and Davide Careglioa and Josep Solé Paretaa and Ioannis Tomkos},
    title = {A survey on physical layer impairments aware routing and wavelength assignment algorithms in optical networks},
    journal = {The International Journal of Computer and Telecommunications Networking},
    volume = 53,
    year = 2009,
    pages = {926-944}
}
@conference{VisibleLightCommsSmallSatelites,
    author = {David N Amanor and William W Edmonson and Awele I Anyanhun},
    title = {VISIBLE LIGHT COMMUNICATION SYSTEM FOR INTER-SATELLITE COMMUNICATION OF SMALL SATELLITES},
    year = 2016
}
@conference{LinkPerformanceImprovementInSateliteComms,
    author = {David N Amanor and William W Edmonson and Fatemeh Afghah},
    title = {Link Performance Improvement via Design Variables Optimization in LED-Based VLC System for Inter-satellite Communication},
    year = 2017
}
@book{DataCommAndNetworking,
    author = {YEKINI N. ASAFE and ADEBARI F. ADEBAYO and BELLO OLALEKAN},
    title = {DATA COMMUNICATION \& NETWORKING},
    institution = {Computer Engineering Department of Yaba College of Technology, Lagos, Nigeria},
    year = 2015
}
@book{DataCommsBook,
    author = {Behrouz A. Forouzan and Sophia Chung Fegan},
    title = {Communications and Networking},
    year = 2007
}
@article{PhysicalLayerPerformanceOnNetworks,
    author = {J-M. Dricot and Ph. De Doncker and E. Zim´anyi and Fr. Grenez},
    title = {Impact of the physical layer on the performance of indoor wireless networks},
    year = 2003
}
@conference{EffectofWirelessPhysicalLayerModeling,
    author = {Mineo Takai and Jay Martin and Rajive Bagrodia},
    title = {Effects of Wireless Physical Layer Modeling in Mobile Ad Hoc Networks},
    year = 2001
}
@techreport{IntroToLTE,
    author = {Ericcson},
    title = {LTE - an introduction},
    year = 2009
}
@article{LTELinkDesign,
    author = {Anna Larmo and Magnus Lindström and Michael Meyer and Ghyslain Pelletier and Johan Torsner and Henning Wiemann and Ericsson Research},
    title = {The LTE Link-Layer Design},
    journal = {IEEE Communications Magazine},
    volume = 47,
    year = 2009,
    pages = {52-59}
}